
@book{koza92,
 author = {Koza, John R.},
 title = {Genetic programming: on the programming of computers by means of natural selection},
 year = {1992},
 isbn = {0-262-11170-5},
 publisher = {MIT Press},
 address = {Cambridge, MA, USA},
} 

@book{koza03,
 author = {Koza, John R.},
 title = {Genetic Programming IV: Routine Human-Competitive Machine Intelligence},
 year = {2003},
 isbn = {1402074468},
 publisher = {Kluwer Academic Publishers},
 address = {Norwell, MA, USA},
} 

@book{fg,
 author = {Poli, Riccardo and Langdon, William B. and McPhee, Nicholas Freitag},
 title = {A Field Guide to Genetic Programming},
 year = {2008},
 isbn = {1409200736, 9781409200734},
 publisher = {Lulu Enterprises, UK Ltd},
} 

@article{yu01,
year={2001},
issn={1389-2576},
journal={Genetic Programming and Evolvable Machines},
volume={2},
number={4},
doi={10.1023/A:1012926821302},
title={Hierarchical Processing for Evolving Recursive and Modular Programs Using Higher-Order Functions and Lambda Abstraction},
url={http://dx.doi.org/10.1023/A%3A1012926821302},
publisher={Kluwer Academic Publishers},
keywords={genetic programming; hierarchical processing; recursion; structure abstraction; higher-order functions; lambda abstraction; polymorphism; type systems},
author={Yu, Tina},
pages={345-380},
language={English}
}


@article{montana95,
  added-at = {2011-06-29T11:20:14.000+0200},
  author = {Montana, D.J.},
  biburl = {http://www.bibsonomy.org/bibtex/232b7610fdb5357d13e23d06e6c81d3bc/robertisele},
  interhash = {2ce0d2bd9f904d9d8e1090d1a95822f7},
  intrahash = {32b7610fdb5357d13e23d06e6c81d3bc},
  journal = {Evolutionary computation},
  keywords = {genetic_programming},
  number = 2,
  pages = {199--230},
  publisher = {MIT Press},
  timestamp = {2011-06-29T11:20:14.000+0200},
  title = {Strongly typed genetic programming},
  volume = 3,
  year = 1995
}





@article{kes,
  author = {Briggs, Forrest and O'Neill, Melissa},
  biburl = {http://www.bibsonomy.org/bibtex/2ca9546606ada9cf6d74d9edadc41fdde/brazovayeye},
  interhash = {1ec48bb2941a31819bde67ea0305149f},
  intrahash = {ca9546606ada9cf6d74d9edadc41fdde},
  issn = {1327-2314},
  journal = {International Journal of Knowledge-Based and
                 Intelligent Engineering Systems},
  keywords = {algorithms, genetic programming},
  notes = {KES},
  number = 1,
  pages = {47--68},
  publisher = {IOS Press},
  timestamp = {2008-06-19T17:35:00.000+0200},
  title = {Functional genetic programming and exhaustive program
                 search with combinator expressions},
  url = {http://iospress.metapress.com/content/u6l4j13p67w66370/},
  volume = 12,
  year = 2008
}

@inproceedings{binard2008genetic,
  title={Genetic programming with polymorphic types and higher-order functions},
  author={Binard, Franck and Felty, Amy},
  booktitle={Proceedings of the 10th annual conference on Genetic and evolutionary computation},
  pages={1187--1194},
  year={2008},
  organization={ACM}
}





@book{barendregt10,
 author = {Henk Barendregt and Wil Dekkers and Richard Statman},
 title = {Lambda Calculus With Types},
 year = {2010},
 publisher = {Cambridge University Press},
 }

@book{jones87,
 author = {Peyton Jones, Simon L.},
 title = {The Implementation of Functional Programming Languages (Prentice-Hall International Series in Computer Science)},
 year = {1987},
 isbn = {013453333X},
 publisher = {Prentice-Hall, Inc.},
 address = {Upper Saddle River, NJ, USA},
} 

@book{AIMA,
  author    = {Stuart J. Russell and Peter Norvig},
  title     = {Artificial Intelligence - A Modern Approach (3rd Ed.)},
  publisher = {Prentice Hall},
  year      = {2010},
  isbn      = {978-0-13-207148-2},
  pages     = {I-XVIII, 1-1132},
  ee        = {http://vig.pearsoned.com/store/product/1,1207,store-12521_isbn-0136042597,00.html},
  bibsource = {DBLP, http://dblp.uni-trier.de}
}

