
@book{koza92,
 author = {Koza, John R.},
 title = {Genetic programming: on the programming of computers by means of natural selection},
 year = {1992},
 isbn = {0-262-11170-5},
 publisher = {MIT Press},
 address = {Cambridge, MA, USA},
} 

@book{koza03,
 author = {Koza, John R.},
 title = {Genetic Programming IV: Routine Human-Competitive Machine Intelligence},
 year = {2003},
 isbn = {1402074468},
 publisher = {Kluwer Academic Publishers},
 address = {Norwell, MA, USA},
} 

@book{fg,
 author = {Poli, Riccardo and Langdon, William B. and McPhee, Nicholas Freitag},
 title = {A Field Guide to Genetic Programming},
 year = {2008},
 isbn = {1409200736, 9781409200734},
 publisher = {Lulu Enterprises, UK Ltd},
} 

@article{yu01,
year={2001},
issn={1389-2576},
journal={Genetic Programming and Evolvable Machines},
volume={2},
number={4},
doi={10.1023/A:1012926821302},
title={Hierarchical Processing for Evolving Recursive and Modular Programs Using Higher-Order Functions and Lambda Abstraction},
url={http://dx.doi.org/10.1023/A%3A1012926821302},
publisher={Kluwer Academic Publishers},
keywords={genetic programming; hierarchical processing; recursion; structure abstraction; higher-order functions; lambda abstraction; polymorphism; type systems},
author={Yu, Tina},
pages={345-380},
language={English}
}


@article{montana95,
  added-at = {2011-06-29T11:20:14.000+0200},
  author = {Montana, D.J.},
  biburl = {http://www.bibsonomy.org/bibtex/232b7610fdb5357d13e23d06e6c81d3bc/robertisele},
  interhash = {2ce0d2bd9f904d9d8e1090d1a95822f7},
  intrahash = {32b7610fdb5357d13e23d06e6c81d3bc},
  journal = {Evolutionary computation},
  keywords = {genetic_programming},
  number = 2,
  pages = {199--230},
  publisher = {MIT Press},
  timestamp = {2011-06-29T11:20:14.000+0200},
  title = {Strongly typed genetic programming},
  volume = 3,
  year = 1995
}

%@incollection{haynes96,
%  address = {Cambridge, MA, USA},
%  author = {Haynes, Thomas D. and Schoenefeld, Dale A. and Wainwright, Roger L.},
%  biburl = {http://www.bibsonomy.org/bibtex/2d15f95305903e9a357381c4cb4c58c9c/brazovayeye},
%  booktitle = {Advances in Genetic Programming 2},
%  chapter = 18,
%  editor = {Angeline, Peter J. and {Kinnear, Jr.}, K. E.},
%  interhash = {bd2231d9fd543e581dd3d183bc15d9ea},
%  intrahash = {d15f95305903e9a357381c4cb4c58c9c},
%  isbn = {0-262-01158-1},
%  keywords = {algorithms, genetic programming},
%  pages = {359--376},
%  publisher = {MIT Press},
%  timestamp = {2008-06-19T17:35:00.000+0200},
%  title = {Type Inheritance in Strongly Typed Genetic
%                 Programming},
%  url = {http://www.mcs.utulsa.edu/~rogerw/papers/Haynes-hier.pdf},
%  year = 1996
%}

%@phdthesis{olsson94,
%  added-at = {2008-06-19T17:46:40.000+0200},
%  address = {Norway},
%  author = {Olsson, J. R.},
%  biburl = {http://www.bibsonomy.org/bibtex/2559d825e48371072a4603af9bd67173f/brazovayeye},
%  interhash = {df15e2cb322ba0ca4d3d90f83c32e026},
%  intrahash = {559d825e48371072a4603af9bd67173f},
%  isbn = {82-7368-099-1},
%  keywords = {imported},
%  notes = {Research report 189},
%  school = {University of Oslo},
%  size = {156 pages},
%  timestamp = {2008-06-19T17:46:40.000+0200},
%  title = {Inductive functional programming using incremental
%                 program transformation and Execution of logic programs
%                 by iterative-deepening {A}* {SLD}-tree search},
%  type = {Dr scient thesis},
%  url = {http://www.ia-stud.hiof.no/~rolando/01-report.ps.Z},
%  year = 1994
%}

@article{kes,
  author = {Briggs, Forrest and O'Neill, Melissa},
  biburl = {http://www.bibsonomy.org/bibtex/2ca9546606ada9cf6d74d9edadc41fdde/brazovayeye},
  interhash = {1ec48bb2941a31819bde67ea0305149f},
  intrahash = {ca9546606ada9cf6d74d9edadc41fdde},
  issn = {1327-2314},
  journal = {International Journal of Knowledge-Based and
                 Intelligent Engineering Systems},
  keywords = {algorithms, genetic programming},
  notes = {KES},
  number = 1,
  pages = {47--68},
  publisher = {IOS Press},
  timestamp = {2008-06-19T17:35:00.000+0200},
  title = {Functional genetic programming and exhaustive program
                 search with combinator expressions},
  url = {http://iospress.metapress.com/content/u6l4j13p67w66370/},
  volume = 12,
  year = 2008
}

@inproceedings{binard2008genetic,
  title={Genetic programming with polymorphic types and higher-order functions},
  author={Binard, Franck and Felty, Amy},
  booktitle={Proceedings of the 10th annual conference on Genetic and evolutionary computation},
  pages={1187--1194},
  year={2008},
  organization={ACM}
}

%@book{barendregt84,
%  added-at = {2013-08-04T14:14:26.000+0200},
%  author = {Barendregt, H. P.},
%  biburl = {http://www.bibsonomy.org/bibtex/2a20624bd53b8e1ca756d6f772af8669c/francesco.k},
%  edition = {Revised Edition},
%  interhash = {e685eef06e6a82e1a82d38c6793c3208},
%  intrahash = {a20624bd53b8e1ca756d6f772af8669c},
%  isbn = {0444875082},
%  keywords = {imported},
%  publisher = {Elsevier Science},
%  timestamp = {2013-08-04T14:14:26.000+0200},
%  title = {The Lambda Calculus: Its Syntax and Semantics (Studies in Logic and the Foundations of Mathematics)},
%  totalpages = {638},
%  year = 1984
%}

%@inproceedings{barendregt92,
%  added-at = {2010-08-25T08:47:38.000+0200},
%  author = {Barendregt, Henk},
%  biburl = {http://www.bibsonomy.org/bibtex/2d9ca9959608f865bdb2584864a168083/miguel.pagano},
%  booktitle = {{Handbook of Logic in Computer Science}},
%  chapter = {{Lambda calculi with types}},
%  editor = {Abramsky, Samson and Gabbay, D. M. and Maibaum, T. S. E.},
%  interhash = {06c57e554beb44ac0e853ce701b43435},
%  intrahash = {d9ca9959608f865bdb2584864a168083},
%  keywords = {imported},
%  pages = {117-309},
%  publisher = {{Oxford University Press}},
%  timestamp = {2010-08-25T08:47:38.000+0200},
%  title = {{Lambda calculi with types}},
%  year = {{1992}}
%}

@book{barendregt10,
 author = {Henk Barendregt and Wil Dekkers and Richard Statman},
 title = {Lambda Calculus With Types},
 year = {2010},
 publisher = {Cambridge University Press},
 }

@book{jones87,
 author = {Peyton Jones, Simon L.},
 title = {The Implementation of Functional Programming Languages (Prentice-Hall International Series in Computer Science)},
 year = {1987},
 isbn = {013453333X},
 publisher = {Prentice-Hall, Inc.},
 address = {Upper Saddle River, NJ, USA},
} 

@book{AIMA,
  author    = {Stuart J. Russell and Peter Norvig},
  title     = {Artificial Intelligence - A Modern Approach (3rd Ed.)},
  publisher = {Prentice Hall},
  year      = {2010},
  isbn      = {978-0-13-207148-2},
  pages     = {I-XVIII, 1-1132},
  ee        = {http://vig.pearsoned.com/store/product/1,1207,store-12521_isbn-0136042597,00.html},
  bibsource = {DBLP, http://dblp.uni-trier.de}
}

